<?xml version="1.0" encoding="UTF-8"?><collection xmlns="http://www.loc.gov/MARC21/slim"><record><leader>00503nam--2200169-u-4500</leader><controlfield tag="001">000055586</controlfield><controlfield tag="002">20161230</controlfield><controlfield tag="005">20161230201052</controlfield><controlfield tag="008">130227s1000------------r-----000-0-eng-d</controlfield><datafield ind1=" " ind2=" " tag="040"><subfield code="a">IFIN-HH</subfield></datafield><datafield ind1=" " ind2=" " tag="080"><subfield code="a">413.232</subfield></datafield><datafield ind1="1" ind2=" " tag="100"><subfield code="a">Manole, M.H</subfield></datafield><datafield ind1="1" ind2="0" tag="245"><subfield code="a">Dictionar politehnic ruso-roman</subfield><subfield code="b">Russko-ruminskii politehniceskii slovari</subfield><subfield code="c">M.h. manole (red.)</subfield></datafield><datafield ind1=" " ind2=" " tag="260"><subfield code="a">Moskva</subfield><subfield code="b">Editura De Stat Pentru Literatura Tehnico-teoretica</subfield><subfield code="c">1953</subfield></datafield><datafield ind1=" " ind2=" " tag="300"><subfield code="a">820P</subfield></datafield><datafield ind1=" " ind2=" " tag="852"><subfield code="a">D.74</subfield><subfield code="c">SLCH</subfield></datafield><datafield ind1=" " ind2=" " tag="CAT"><subfield code="a">Sys</subfield><subfield code="c">20130227</subfield><subfield code="h">162715</subfield></datafield></record></collection>